<?xml version="1.0" encoding="UTF-8"?>
<marc:collection xmlns:marc="http://www.loc.gov/MARC21/slim" xmlns:xsi="http://www.w3.org/2001/XMLSchema-instance" xsi:schemaLocation="http://www.loc.gov/MARC21/slim http://www.loc.gov/standards/marcxml/schema/MARC21slim.xsd">
   <marc:record type="Bibliographic">
      <marc:leader>00997cam a2200217 a 4500</marc:leader>
      <marc:controlfield tag="001">889700</marc:controlfield>
      <marc:controlfield tag="003">NjP</marc:controlfield>
      <marc:controlfield tag="005">20161025181157.0</marc:controlfield>
      <marc:controlfield tag="008">940531q19601969iq            000|0 ara d</marc:controlfield>
      <marc:datafield tag="024" ind1="7" ind2=" ">
         <marc:subfield code="a">princeton_aco001272</marc:subfield>
         <marc:subfield code="2">local</marc:subfield>
      </marc:datafield>
      <marc:datafield tag="035" ind1=" " ind2=" ">
         <marc:subfield code="a">(OCoLC)30580667</marc:subfield>
      </marc:datafield>
      <marc:datafield tag="035" ind1=" " ind2=" ">
         <marc:subfield code="a">(CStRLIN)NJPG94-B31417</marc:subfield>
      </marc:datafield>
      <marc:datafield tag="035" ind1=" " ind2=" ">
         <marc:subfield code="9">CBD9686TS</marc:subfield>
      </marc:datafield>
      <marc:datafield tag="040" ind1=" " ind2=" ">
         <marc:subfield code="a">NjP</marc:subfield>
         <marc:subfield code="c">NjP</marc:subfield>
      </marc:datafield>
      <marc:datafield tag="100" ind1="1" ind2=" ">
         <marc:subfield code="a">Qummī, Shādhān ibn Jabrāʼīl,</marc:subfield>
         <marc:subfield code="d">-approximately 1261.</marc:subfield>
         <marc:subfield code="0">(uri)http://id.loc.gov/authorities/names/nr92028190</marc:subfield>
      </marc:datafield>
      <marc:datafield tag="245" ind1="1" ind2="3">
         <marc:subfield code="a">al-Faḍāʼil li-Ibn Shādhān /</marc:subfield>
         <marc:subfield code="c">li-Abī al-Faḍl Sadīd al-Dīn Shādhān ibn Jabrāʼīl ibn Ismāʻīl ibn Abī Ṭālib al-Qummī.</marc:subfield>
      </marc:datafield>
      <marc:datafield tag="260" ind1=" " ind2=" ">
         <marc:subfield code="a">al-Najaf :</marc:subfield>
         <marc:subfield code="b">al-Maṭbaʻah al-Ḥaydarīyah,</marc:subfield>
         <marc:subfield code="c">[196-?]</marc:subfield>
      </marc:datafield>
      <marc:datafield tag="300" ind1=" " ind2=" ">
         <marc:subfield code="a">175 p. ;</marc:subfield>
         <marc:subfield code="c">22 cm.</marc:subfield>
      </marc:datafield>
      <marc:datafield tag="600" ind1="0" ind2="0">
         <marc:subfield code="a">ʻAlī ibn Abī Ṭālib,</marc:subfield>
         <marc:subfield code="c">Caliph,</marc:subfield>
         <marc:subfield code="d">approximately 600-661.</marc:subfield>
         <marc:subfield code="0">(uri)http://id.loc.gov/authorities/names/n50039100</marc:subfield>
      </marc:datafield>
      <marc:datafield tag="852" ind1="0" ind2=" ">
         <marc:subfield code="b">nec</marc:subfield>
         <marc:subfield code="h">BP193.1.A3</marc:subfield>
         <marc:subfield code="i">Q565 1960z</marc:subfield>
         <marc:subfield code="p">1017336</marc:subfield>
         <marc:subfield code="x">reclassed from: 2272.92.352 1960z</marc:subfield>
      </marc:datafield>
      <marc:datafield tag="998" ind1=" " ind2=" ">
         <marc:subfield code="a">05/31/94</marc:subfield>
         <marc:subfield code="s">9114</marc:subfield>
         <marc:subfield code="n">NjP</marc:subfield>
         <marc:subfield code="d">05/31/94</marc:subfield>
         <marc:subfield code="c">KC</marc:subfield>
         <marc:subfield code="b">KC</marc:subfield>
         <marc:subfield code="i">940531</marc:subfield>
         <marc:subfield code="l">NJPG</marc:subfield>
      </marc:datafield>
      <marc:datafield tag="911" ind1=" " ind2=" ">
         <marc:subfield code="a">19940612</marc:subfield>
      </marc:datafield>
      <marc:datafield tag="912" ind1=" " ind2=" ">
         <marc:subfield code="a">19940531000000.0</marc:subfield>
      </marc:datafield>
   </marc:record>
</marc:collection>
